1747 2620
410 218 427 246 4
768 216 868 247 Corpus
889 216 1034 240 chartarum
1055 216 1138 240 ltaliae

558 303 608 343 (2)
633 310 665 332 ut
692 303 838 333 facultate
863 310 970 333 sancte
999 303 1048 333 cui
1078 303 1211 334 domino
1240 312 1367 335 auctore
1398 305 1494 345 presi-

631 355 712 384 detis
729 355 859 384 ecclesie
874 362 978 385 vestro
995 355 1142 394 regimini
1157 356 1264 395 augeri
1282 357 1381 396 possit
1395 357 1495 396 magis

631 416 727 447 quam
752 406 853 436 minui

528 466 560 498 (3
574 460 611 497 ar)
632 466 662 489 et
676 458 748 488 ideo
761 457 877 494 (securi
891 459 929 488 de
945 459 1167 494 benevolentia
1182 467 1283 490 vestra
1296 460 1496 501 suppliciter)

525 510 559 551 (3
572 511 608 551 b)
631 518 660 541 et
686 510 839 551 quoniam

412 565 431 593 Ι.
452 564 492 593 11:
520 562 585 603 (P)
611 562 772 595 Potitio:
799 563 824 593 1:
852 562 898 603 (ι)
925 563 1002 593 Peto
1027 562 1196 604 (Petimus)
1221 574 1237 593 a
1259 564 1350 594 vobis

514 614 556 655 (2
570 615 608 656 a)
633 615 687 645 illo

523 667 608 707 (212)
633 668 688 696 illa
714 667 872 697 abbatissa
897 667 1081 697 monasterii
1112 668 1200 697 illius
1229 678 1290 698 una
1320 678 1391 698 cum
1421 678 1495 698 con-

631 729 723 749 sensu
763 718 807 759 (et
847 718 1049 761 auctoritate)
1092 727 1204 750 cuncta
1248 720 1496 760 congregatione

631 776 830 810 (cunctarum
859 771 1046 802 ancillarum
1080 772 1145 813 dei)
1171 772 1219 802 vel
1248 772 1495 802 deservientium

631 823 774 853 eiusdem
799 824 983 853 monasterii

565 876 606 906 11:
631 885 795 915 speramus

448 929 529 959 1.11:
557 928 605 969 (3)
629 929 674 958 uti
705 928 797 958 nobis
829 929 1037 968 (presentem)
1070 929 1118 958 illi
1146 936 1176 958 et
1206 929 1254 958 illi
1285 929 1434 970 (iugales)
1466 937 1495 961 et

631 980 705 1010 filiis
730 987 759 1010 et
784 979 955 1020 nepotibus
980 980 1095 1011 nostris
1120 986 1175 1010 etc.

502 1034 526 1062 1:
551 1032 602 1073 (4)
629 1032 860 1063 enfiteuticario
890 1033 957 1063 iure
981 1043 998 1062 a
1022 1033 1161 1072 presenti
1190 1033 1241 1062 die
1267 1034 1438 1064 concedisti
1464 1041 1495 1065 et

631 1085 749 1124 largisti
775 1085 843 1126 (seu
862 1085 1070 1125 confirmasti)
1096 1085 1188 1115 nobis
1208 1095 1274 1115 rem
1293 1086 1369 1116 iuris
1385 1096 1493 1127 supra-

630 1137 737 1177 scripti
761 1138 946 1167 monasterii
971 1137 1065 1167 vestri
1091 1136 1220 1178 (illius).

501 1191 525 1220 I:
567 1198 602 1229 5:
629 1190 715 1230 quod
742 1190 803 1219 iarn
828 1200 884 1229 per
907 1190 1082 1230 plurimum
1106 1197 1232 1230 tempus
1249 1200 1304 1230 per
1321 1191 1494 1221 anteriores

630 1241 798 1272 enfiteusin
823 1242 955 1281 largitus
985 1250 1058 1272 sunt
1087 1243 1126 1272 ad
1151 1243 1404 1273 antecessoribus
1432 1243 1494 1273 tuis

630 1295 662 1324 in
687 1294 757 1324 aliis
781 1294 968 1325 horninibus

410 1348 491 1377 l.11:
520 1346 614 1387 (De)
640 1346 870 1387 Descriptio:
898 1347 921 1376 I:
948 1346 994 1387 (1)
1023 1347 1105 1377 ldest

449 1400 470 1429 1.
490 1399 531 1429 11:
557 1398 607 1440 (2)
629 1399 710 1428 illud
734 1398 791 1439 (tot
815 1399 924 1429 uncias
948 1399 987 1428 de
1013 1399 1113 1429 fundo
1138 1400 1207 1439 illo)

449 1452 471 1482 I.
491 1452 531 1481 II:
559 1451 608 1491 (3)
631 1461 703 1481 curn
719 1457 774 1481 etc.
791 1451 952 1492 (formula
966 1451 1194 1492 pertinentiae)
1213 1458 1327 1481 etcum
1345 1451 1495 1481 omnibus

631 1509 685 1533 etc.
708 1503 943 1543 pertinentibus

446 1556 528 1586 1.11:
555 1555 606 1595 (4⁷)
630 1555 804 1585 constituto
829 1554 952 1596 (posit.)
977 1555 1136 1585 territorio
1162 1556 1217 1584 illo

446 1608 528 1638 1.11:
556 1610 606 1647 (5)
630 1608 806 1638 secundum
830 1608 1013 1647 podismum
1047 1608 1142 1647 longe
1171 1608 1299 1648 lateque
1330 1608 1495 1647 designata

632 1667 662 1690 et
685 1660 837 1690 tendente
863 1660 894 1689 in
920 1660 1018 1699 longo
1042 1670 1071 1699 p.
1091 1670 1132 1690 m.
1149 1660 1246 1700 pedes
1267 1666 1355 1690 tolet
1373 1661 1403 1690 in
1430 1660 1495 1691 lato

631 1712 752 1752 (medio
769 1711 855 1752 loco)
873 1712 969 1751 pedes
990 1722 1020 1752 p.
1039 1722 1081 1743 m.
1099 1717 1141 1741 tot
1157 1712 1214 1742 hec
1231 1712 1340 1742 omnia
1357 1713 1395 1742 ad
1414 1712 1495 1742 iusta

630 1774 776 1794 mensura
801 1771 982 1794 mensurata
999 1774 1016 1794 a
1033 1764 1114 1804 pede
1132 1764 1293 1794 semissale
1311 1764 1414 1794 unciis
1430 1764 1495 1794 suis

631 1817 720 1846 iustis

447 1869 466 1898 1.
488 1869 527 1898 ll:
556 1869 606 1908 (6)
630 1879 692 1898 una
717 1878 789 1898 cum
814 1869 878 1898 suis
908 1868 998 1898 iustis
1027 1876 1056 1899 et
1081 1869 1172 1898 certis
1204 1869 1235 1898 in
1264 1875 1346 1898 terra
1379 1868 1496 1898 finibus

447 1921 468 1951 Ι.
488 1921 528 1950 ΙΙ;
557 1921 606 1960 (7)
631 1928 661 1950 et
686 1921 766 1950 inter
795 1920 906 1950 affines
938 1921 1005 1951 eius
1037 1921 1111 1961 [hoc
1141 1920 1200 1961 est)
1232 1921 1271 1950 ab
1302 1930 1366 1951 uno
1398 1921 1495 1950 latere

631 1973 813 2012 possidente
839 1973 905 2010 illo,
931 1973 970 2002 ab
994 1973 1058 2003 alio
1083 1973 1179 2003 latere
1205 1978 1272 2009 etc„
1298 1983 1315 2002 a
1332 1973 1425 2003 tertio
1450 1973 1494 2002 la-

629 2033 694 2055 tere
720 2030 787 2060 etc„
813 2035 829 2054 a
855 2032 969 2064 quarto
994 2025 1091 2055 latere
1115 2031 1171 2055 etc.

448 2077 467 2106 Ι.
488 2077 528 2106 11:
557 2076 606 2117 (8)
630 2077 677 2106 ve]
703 2077 854 2107 omnibus
879 2077 917 2106 ad
943 2077 1070 2107 easdem
1095 2077 1329 2116 pertinentibus
1348 2084 1381 2107 ut
1401 2086 1494 2117 supe-

630 2129 695 2159 rius
719 2129 835 2168 legitur
