1747 2620
463 207 496 226 12
816 204 917 235 Corpus
937 203 1084 227 chartarum
1105 202 1189 227 ltaliae

681 291 710 319 in
745 291 808 319 alio
842 300 911 320 ven.
937 290 1008 319 loco
1040 289 1219 329 relinquere
1253 299 1308 329 per
1340 291 1465 320 nullum
1498 291 1543 320 in-

681 342 812 382 genium
837 343 886 372 vel
915 349 1138 381 argumentum

595 394 656 435 (ιι)
681 402 710 424 et
727 404 904 434 numquam
923 404 980 424 nos
998 394 1064 423 ullo
1083 394 1114 423 in
1131 401 1275 433 ternpore
1292 394 1331 424 de
1348 394 1545 425 districtione

679 457 702 476 s.
721 454 841 477 vestrae
863 447 942 477 Rav.
965 446 1040 476 eccl.
1062 446 1246 476 subtrahere
1278 446 1462 485 audeamus,
1490 447 1544 476 sed

681 500 739 529 sub
758 506 860 529 vestra
885 498 1083 529 districtione
1108 505 1138 528 et
1163 498 1315 528 iudicium
1341 508 1408 528 esse
1429 505 1459 529 et
1475 508 1544 538 per-

681 561 809 581 manere
833 551 1006 581 debeamus
1032 551 1062 580 in
1085 550 1236 580 omnibus

684 603 741 644 (cf.
766 604 996 644 Emphyteusis
1021 603 1058 632 ll
1072 603 1132 634 Pr
1149 604 1178 633 8.
1192 603 1247 644 9)]

460 657 481 687 1.
502 657 542 686 11:
573 656 652 696 (Sa)
682 656 852 688 Sanctio:
879 655 908 696 (ι
922 656 957 697 a)
985 655 1016 685 Si
1043 655 1114 695 quis
1138 665 1213 685 vero
1238 665 1309 695 pars
1334 658 1470 695 (nostra)

579 707 610 749 (1
623 708 658 750 b)
681 708 714 738 Si
739 718 813 738 vero
839 718 894 738 vos
919 708 1004 747 (nos)
1030 707 1232 747 suprascripti
1259 707 1367 737 coloni

581 766 611 796 (ι
625 770 659 797 e)
684 761 716 790 Si
742 770 816 790 vero
842 770 898 790 vos
922 760 1126 799 suprascripti
1151 760 1303 799 petitores

574 812 610 851 (2
624 812 659 853 a)
683 820 792 842 contra
817 813 877 842 hoc
902 812 1013 842 libello
1039 812 1082 841 ire
1106 812 1368 851 temptaverimus
1392 811 1474 852 (⁴³8)

574 864 611 904 (2
624 864 659 905 b)
682 871 791 894 contra
816 864 901 894 hunc
926 864 1071 893 libellum
1097 864 1140 893 ire
1158 863 1446 903 presumpserimus
1463 862 1546 904 (-tis)

612 915 660 957 (3)
683 923 756 946 ante
788 916 972 955 prefinitum
1005 923 1131 955 tempus
1163 915 1257 956 (sicut
1291 925 1385 955 supra
1417 914 1546 955 legitur)

609 969 659 1009 (4)
682 976 712 998 et
740 968 848 998 omnia
880 978 944 998 non
978 967 1221 997 observaveritis
1253 967 1348 1000 (sicut
1381 977 1475 1007 supra
1502 967 1546 997 le-

681 1021 780 1061 gitur«)

577 1072 612 1112 (5
626 1073 662 1114 a)
683 1073 737 1102 det
761 1082 832 1112 pars
857 1072 936 1111 parti
963 1071 1059 1101 fidem
1083 1072 1220 1101 servanti

580 1126 614 1164 (5
627 1126 662 1166 b)
683 1125 806 1154 solvere
830 1124 972 1153 debeatis
997 1123 1109 1164 (mus)
1135 1124 1216 1163 parti
1242 1124 1289 1152 illi

608 1176 659 1218 (6)
682 1184 753 1206 ante
779 1186 873 1206 omne
899 1176 963 1205 litis
988 1176 1115 1205 initium
1137 1183 1190 1205 aut
1213 1176 1505 1215 interpellationem

613 1228 662 1270 (7)
685 1239 807 1269 poenae
826 1229 956 1258 nomine
974 1233 1045 1268 (pro
1064 1238 1256 1268 unaquaque
1274 1235 1380 1258 nostra
1399 1227 1547 1268 persona)

683 1282 750 1312 auri
776 1281 885 1311 uncias
909 1287 951 1310 tot

609 1334 658 1375 (8)
681 1341 712 1364 et
735 1341 807 1374 post
824 1343 946 1373 poenae
968 1333 1163 1363 solutionem
1180 1340 1307 1363 maneat
1324 1333 1385 1363 hoc
1401 1333 1548 1363 libellum

683 1386 714 1415 in
739 1396 795 1416 sua
821 1385 969 1415 firmitate
994 1385 1064 1426 (aut
1086 1384 1215 1425 robore)

462 1440 482 1469 I.
503 1440 544 1469 11:
571 1438 665 1480 (Ro)
697 1437 854 1477 Rogatio
887 1437 1057 1470 chartae:
1088 1437 1118 1478 (1
1131 1440 1167 1475 a)
1201 1438 1291 1474 Quos
1322 1447 1396 1468 vero
1421 1437 1549 1467 libellos

684 1501 748 1521 uno
772 1498 883 1521 tenore
908 1490 1105 1530 conscriptos

581 1544 611 1583 (ι
624 1543 660 1585 b)
683 1544 789 1580 Quam
814 1543 963 1583 paginam
990 1543 1154 1582 petitionis
1177 1542 1336 1582 (nostrae)

575 1595 611 1636 (2
625 1596 660 1637 a)
685 1597 774 1624 illum
801 1601 856 1625 etc,
882 1595 1083 1625 scribendam
1107 1595 1217 1634 rogavi

576 1648 613 1688 (2
625 1647 660 1689 b)
683 1648 774 1678 illum
800 1653 854 1678 etc.
881 1647 1081 1677 scribendam
1107 1647 1256 1677 iussimus

578 1700 610 1740 (3
624 1701 660 1742 a)
683 1700 715 1730 in
741 1711 803 1740 qua
833 1710 891 1730 nos
919 1700 1164 1739 subscripsimus
1192 1698 1239 1739 (et
1267 1700 1394 1739 signum
1423 1706 1549 1729 sanctae

684 1753 785 1783 crucis
810 1753 958 1784 fecimus)

585 1805 618 1845 (3
630 1805 665 1846 b)
686 1805 770 1835 unde
795 1805 820 1834 si
845 1805 949 1844 placet
965 1805 1042 1834 haec
1060 1805 1182 1834 oblatio
1199 1804 1407 1844 professionis
1423 1810 1549 1834 nostrae

684 1867 783 1887 unum
801 1867 817 1886 e
834 1857 961 1887 duobus
985 1856 1103 1886 libellis
1128 1857 1276 1886 manibus
1298 1856 1413 1886 nostris
1430 1854 1548 1896 (signa-

684 1909 747 1949 tos)
780 1910 939 1949 suscipere
972 1909 1107 1939 iubeatis
1135 1916 1165 1939 et
1189 1909 1269 1939 alios
1292 1909 1331 1938 ad
1356 1909 1424 1938 vice
1447 1907 1549 1938 mani-

683 1963 741 1992 bus
766 1962 876 1992 vestris
900 1962 1067 1991 roboratos
1092 1961 1142 1991 vel
1167 1961 1363 2001 conscriptos

610 2014 660 2055 (4)
684 2024 784 2044 unum
810 2014 939 2044 alterius
964 2014 1057 2043 nobis
1082 2013 1300 2044 contradimus

612 2066 662 2106 (5)
687 2066 774 2106 quod
792 2065 898 2106 (dum)
912 2065 1119 2107 consecuti(s)
1133 2076 1264 2106 agamus
1278 2066 1373 2108 deum
1387 2072 1417 2095 et
1430 2064 1550 2105 (vobis)

685 2119 838 2148 maximas
862 2118 979 2157 gratias
