1747 2620
678 219 798 245 Ravenna
1260 223 1276 251 5

278 307 319 338 ll:
344 306 395 347 (9)
421 307 497 338 iuris
520 317 543 337 s.
563 314 663 338 vestre
688 307 882 338 Ravennatis
904 307 1035 338 ecclesie

199 359 219 390 l.
240 359 281 391 ll:
307 360 367 399 ¹0)
388 358 603 392 cont-essm:
637 359 662 390 l:
689 367 735 391 cr>
764 359 846 390 Dum
876 370 934 390 nos
963 359 1020 400 ipsi
1045 360 1194 400 petitores
1222 371 1276 390 scu

420 412 475 442 tilii
493 419 522 443 et
541 412 711 452 nepotibus
736 412 851 442 nostris
877 418 925 442 (ut
946 412 1021 449 1'2)
1046 412 1153 442 divina
1178 413 1276 452 gratia

420 464 451 494 in
476 464 556 494 hanc
582 464 704 495 iusserit
728 468 943 504 (uperlmanere
968 464 1063 494 vitam

346 519 398 555 (2)
420 516 610 547 concedistis
641 523 670 547 et
700 516 837 556 largistis
865 526 919 546 seu
947 516 1158 546 confirmastis
1186 516 1279 546 nobis

419 578 455 599 ea
483 568 621 601 <omnini
651 567 832 598 habendum
862 568 1035 598 tenendum
1063 568 1278 607 multandum)

420 620 649 661 possidendum
673 619 933 653 (defensandum)
952 627 981 650 et
1000 619 1030 649 in
1048 620 1197 650 omnibus
1213 629 1276 650 mc-

419 672 600 703 liorandum

346 725 397 764 (3)
419 732 449 755 et
477 734 512 755 ex
544 724 659 754 nostris
687 723 823 763 propriis
854 724 999 763 expensis
1030 734 1084 754 scu
1118 724 1279 753 laboribus

421 775 567 816 nihilque
591 775 682 805 vobis
707 775 880 815 vestrisque
908 775 1142 805 successoribus
1172 775 1201 804 in
1233 775 1277 805 in-

421 827 517 858 ferius
533 827 670 858 adfixam
688 827 875 867 pensionem
889 827 1120 867 quoquomodo
1135 835 1278 867 reputare

419 879 562 910 debeatis

287 984 328 1015 ll:
355 985 400 1025 (ι)
422 983 653 1014 enfitenticario
677 983 774 1013 modo
796 983 994 1022 postulamus
1019 982 1124 1022 largiri

346 1036 398 1076 (2)
420 1036 445 1066 si
460 1035 591 1066 minime
601 1035 751 1076 cuiquam
762 1035 793 1065 in
803 1034 971 1065 enfiteusin
982 1041 1073 1064 antea
1083 1041 1154 1064 sunt
1169 1034 1279 1074 largita

351 1088 401 1128 (3)
423 1097 482 1118 nos
505 1087 560 1128 qui
584 1097 678 1127 supra
704 1088 756 1117 ine
780 1094 810 1117 et
835 1087 888 1117 ille

297 1135 300 1139 ’
347 1141 400 1179 (4)
422 1150 477 1170 seu
502 1139 576 1170 filiis
599 1147 628 1170 et
654 1139 824 1180 nepotibus
849 1138 964 1170 nostris
989 1139 1038 1177 (nt
1063 1139 1137 1178 P34)

348 1196 400 1233 (5)
421 1193 524 1223 donec
554 1202 612 1222 nos
639 1191 790 1222 divinitas
819 1191 850 1221 in
880 1191 937 1221 hac
962 1191 1031 1221 luce
1061 1190 1183 1221 iusserit
1212 1199 1278 1230 per-

421 1254 549 1275 manere

201 1297 224 1328 1.
238 1297 279 1328 ll:
298 1296 389 1338 (Pr)
406 1295 633 1329 Praestatlo:
653 1296 679 1327 l:
698 1306 741 1331 «ιι
757 1302 934 1336 praestante
951 1304 1080 1335 quoque
1098 1303 1154 1324 nos
1171 1303 1282 1323 omncs

423 1348 638 1379 indesinenter
650 1348 824 1378 secundum
839 1347 986 1388 paginam
999 1346 1162 1387 petitionis
1176 1352 1281 1375 nostre

423 1400 587 1442 pensionis
612 1400 741 1430 nomine
763 1399 897 1438 singulis
920 1399 1100 1440 quibusque
1117 1397 1208 1428 annis
1226 1397 1281 1426 illu

422 1462 530 1483 mense

348 1505 400 1546 (2)
422 1504 502 1535 infra
527 1504 734 1534 indictionem

314 1558 350 1598 (3
362 1557 400 1597 a)
422 1566 481 1597 pro
505 1556 588 1597 ipsas
612 1566 660 1586 res

314 1609 350 1651 (3
362 1611 399 1650 b)
421 1619 479 1650 pro
495 1608 545 1639 his
560 1608 711 1639 omnibus
727 1609 821 1638 rebus
837 1617 908 1638 cum
926 1607 1076 1637 omnibus
1092 1606 1129 1635 ad
1154 1604 1280 1635 easdem

423 1661 668 1702 pertinentibus,
692 1667 725 1691 ut
749 1669 842 1700 supra
867 1659 981 1698 legitur

317 1715 400 1755 (³0)
422 1723 480 1754 pro
505 1714 560 1743 illo
585 1712 685 1743 fundo
710 1712 740 1742 in
767 1711 857 1742 vobis
882 1711 937 1741 illo

348 1767 400 1807 (4)
422 1764 532 1806 (idest)
557 1764 588 1795 in
612 1772 779 1804 argentum
803 1763 951 1794 denarios
974 1768 1016 1792 10!

351 1818 402 1859 (5)
424 1825 454 1848 et
478 1817 666 1858 pensionem
691 1824 723 1846 ut
747 1815 868 1846 dictum
892 1822 938 1845 est
961 1814 1159 1855 persolvatur

351 1870 402 1911 (6)
424 1877 454 1900 et
477 1869 573 1900 etiam
597 1868 711 1899 dedisti
737 1867 814 1898 mihi
840 1867 870 1897 in
896 1866 1051 1907 presentia
1076 1865 1203 1896 testium
1227 1865 1281 1905 qui

425 1922 476 1952 hic
491 1922 600 1952 subter
616 1919 822 1960 subscripturi
839 1926 923 1956 sunt,
936 1927 1030 1959 quem
1048 1917 1086 1947 de
1103 1917 1165 1948 tuis
1182 1916 1282 1946 mani-

426 1975 485 2004 bus
513 1973 544 2003 in
569 1972 648 2003 meis
671 1971 800 2002 misistis
828 1970 906 2001 mihi
936 1970 994 2004 illi,
1020 1968 1226 2009 corporaliter
1253 1975 1283 1998 tc

427 2025 573 2056 investiat
599 2025 629 2055 in
654 2031 706 2055 tua
732 2023 800 2054 vice
823 2023 863 2053 de
888 2022 956 2063 ipso
982 2021 1082 2052 fundo
1107 2020 1154 2061 (m
1171 2021 1281 2059 Dea)

353 2078 404 2120 (7)
426 2078 488 2109 Pro
503 2087 542 2108 eo
566 2077 640 2118 quia
664 2075 778 2106 exinde
802 2075 948 2115 accepisti
966 2073 1103 2104 calciarii
1119 2073 1158 2103 de
1183 2072 1281 2103 mani-

426 2130 485 2161 bus
512 2129 592 2160 meis
619 2127 801 2169 supradicto
825 2126 959 2167 petitore
988 2126 1018 2155 in
1048 2124 1194 2155 manibus
1222 2123 1284 2155 tuis
