1747 2620
470 218 503 238 10
821 216 921 247 Corpus
941 215 1087 240 chartarum
1110 215 1195 239 ltaliae

614 303 665 342 (4)
689 303 769 333 sicut
793 303 938 342 superius
962 303 1105 341 (legitur)

616 355 666 394 (5)
691 355 770 385 facta
795 355 826 384 in
853 356 908 384 illo
932 355 971 384 ab
997 356 1052 384 illo

617 407 668 448 (6)
691 407 745 447 qui
775 417 824 436 me
854 413 999 446 presente
1028 406 1151 446 scripsit
1181 405 1275 446 (sign.
1297 416 1319 435 S.
1343 406 1443 436 crucis
1469 406 1554 441 fecit)

617 459 667 500 (7)
689 466 719 489 et
744 459 788 489 eis
813 460 965 489 relectum

618 512 669 551 (8)
690 519 819 552 rogatus
843 511 896 547 (ab
921 511 1050 551 eodem)
1075 511 1163 541 testis

618 564 668 605 (9)
691 564 861 604 subscripsi

601 616 668 657 (ιο)
690 624 720 646 et
744 616 959 656 suprascripto
984 616 1131 646 calciario
1155 615 1286 655 (pretio)
1303 614 1398 645 dante
1421 622 1450 645 et
1475 614 1554 644 acci-

691 669 797 708 piente
824 669 888 698 vidi

665 720 855 761 (sequuntur
878 721 975 750 ceteri
998 725 1090 750 testes
1113 719 1221 750 eodem
1249 719 1357 759 modo)

471 773 491 802 Ι.
512 773 552 802 ΙΙ;
580 772 663 814 (Co)
688 772 911 814 Completioz
939 771 984 814 (ι)
1006 775 1045 809 -1-
1065 772 1118 802 ille
1140 777 1197 801 etc.

618 824 669 866 (2)
690 825 824 865 scriptor
848 825 943 855 huius
967 824 1083 864 pagina
1108 823 1272 864 petitionis

623 877 669 917 (3)
693 878 731 908 de
756 878 906 908 omnibus
929 876 1052 918 (rebus)
1076 877 1157 907 sicut
1181 886 1274 916 supra
1299 876 1443 916 (legitur)

622 930 671 970 (4)
693 938 765 970 post
790 930 1029 960 roborationem
1053 929 1182 959 testium

619 986 666 1023 (5)
692 990 787 1022 atque
811 983 964 1012 traditum
990 981 1134 1023 (tradita)

618 1034 669 1076 (6)
692 1035 851 1074 complevi
876 1042 905 1064 et
930 1035 1052 1064 absolvi

472 1087 562 1126 (No)
589 1086 733 1118 Notitia
757 1086 929 1119 testium:
956 1086 1000 1128 (1)
1021 1086 1177 1116 Notitiam
1202 1085 1330 1116 testium
1356 1085 1436 1115 idest

619 1138 670 1180 (2)
694 1140 746 1169 ille
771 1145 827 1169 etc.
854 1138 1046 1179 (sequuntur
1070 1140 1201 1168 nomina
1227 1138 1366 1179 testium)

844 1269 1070 1317 Libellus.¹)
1097 1271 1120 1305 Ι.
1144 1270 1184 1305 ΙΙ.

473 1367 494 1396 I.
514 1366 555 1396 II:
582 1365 634 1406 (I)
660 1365 873 1398 IIIVOssatioz
899 1371 932 1395 ut
956 1367 986 1394 in
1011 1365 1213 1405 emphyteusi
1236 1383 1277 1386 —

473 1418 555 1448 1.11:
582 1417 654 1460 (D)
679 1417 832 1449 Datum:
858 1423 891 1447 ut
915 1418 946 1447 in
972 1417 1173 1457 emphyteusi
1196 1435 1237 1438 —

473 1470 513 1500 II:
542 1469 599 1511 (S)
626 1469 920 1511 Superseriptioz
954 1470 1007 1499 ille
1034 1479 1144 1499 servus
1175 1478 1339 1499 servorum
1371 1467 1420 1497 dei
1451 1467 1558 1497 divina

575 1522 675 1562 gratia
699 1522 958 1562 archiepiscopus

474 1574 539 1615 (P)
566 1574 725 1607 Petitioz
753 1575 779 1605 1:
805 1574 850 1616 (1)
876 1575 954 1604 Peto
979 1573 1148 1615 (Petimus)

567 1627 592 1656 1:
620 1627 672 1667 (2)
695 1637 712 1656 a
736 1627 827 1657 vobis
853 1628 908 1656 illo

536 1680 561 1709 1:
588 1679 622 1719 (3
636 1679 671 1720 a)
695 1690 757 1709 una
774 1689 846 1709 cum
864 1689 1021 1709 consensu
1039 1679 1160 1708 cunctis
1173 1677 1426 1707 deservientibus
1444 1676 1557 1706 eodem

694 1732 858 1771 praedicto
882 1731 1078 1762 monasterio

589 1786 623 1823 (3
635 1783 671 1825 b)
693 1791 860 1823 praesente
886 1785 940 1813 illo
965 1783 1019 1823 qui
1045 1792 1234 1813 consensum
1260 1782 1389 1822 praebet

474 1837 494 1865 1.
515 1836 558 1865 11:
585 1835 620 1876 (4
636 1835 672 1876 a)
694 1836 739 1866 uti
765 1836 857 1866 nobis
883 1837 931 1864 illi

586 1887 621 1927 (4
637 1888 672 1929 b)
695 1889 743 1917 mi

623 1940 672 1981 (5)
695 1940 853 1970 livellario
879 1940 1009 1970 nomine

534 1993 559 2022 1:
586 1992 624 2032 (6
635 1992 670 2033 a)
694 1992 868 2022 concedere
893 1992 1032 2031 dignetis

577 2096 596 2128 1)
616 2097 653 2121 De
678 2097 726 2121 hac
750 2097 861 2121 formula
891 2096 922 2120 cf.
941 2096 1065 2121 Asittheil.
1090 2096 1134 2119 des
1158 2095 1243 2120 Instit.
1264 2096 1280 2119 1.
1300 2096 1315 2119 l.
1335 2101 1358 2119 et
1386 2094 1558 2119 Tabularium

474 2141 498 2163 S
516 2139 621 2164 Mariae
642 2141 666 2164 in
687 2141 732 2164 Via
755 2141 823 2164 Lata
842 2141 859 2169 Ι,
879 2148 902 2172 p.
917 2140 996 2164 XXIV
1007 2147 1040 2163 SS.
