1747 2620
609 201 729 226 Ravenna
1174 208 1182 227 ι
1196 207 1204 228 t

191 283 217 315 l:
242 286 328 325 (ob)
349 286 505 316 concedas
529 287 622 317 nobis

177 336 218 367 tt:
241 337 280 376 (6
290 337 326 377 c)
347 337 537 368 concedistis
561 339 654 369 nobis

169 388 190 419 Ι.
210 388 251 419 tt:
277 392 327 428 (7)
348 399 414 420 retu
440 390 516 421 iuris
540 391 627 421 iliius
651 398 771 430 (vestro
796 394 1003 425 monasterio)

128 440 150 472 Ι.
169 441 211 472 H:
236 440 331 481 (De)
358 440 586 484 Descriptio:
614 444 659 482 (ra
687 444 769 475 idest
793 452 849 476 erc.
882 452 915 476 ut
947 456 977 475 m
1009 447 1207 487 ‹triplo-teuit

128 493 151 524 1.
169 493 211 524 n:
238 493 294 532 (C)
319 492 534 527 Concessio:
559 494 605 535 (ι)
630 496 654 526 si
680 496 760 526 iuste
784 504 813 527 et
838 497 1069 528 rationabiliter
1085 508 1101 528 a
1119 499 1209 529 vobis

349 553 487 586 petimus

275 598 326 636 (2)
349 605 379 628 et
404 598 537 629 minime
560 599 600 628 ab
624 599 695 629 aliis
718 599 932 630 {hominibusi
956 601 1114 631 detinetur

277 649 326 690 (3)
348 650 416 689 (ad)
441 650 625 681 habendum
650 651 825 682 tenendum
843 652 1029 683 cultandum
1048 655 1206 693 pastinan-

347 702 424 732 dum
457 702 735 742 propaginandum
765 713 851 734 casas
879 712 908 734 et
937 705 1062 735 canales
1091 706 1206 736 ibidem

349 752 529 784 faciendum
558 755 829 795 supersedendum
859 756 1089 787 defensandum
1119 765 1147 788 et
1177 759 1207 787 in

346 806 499 837 omnibus
522 807 756 837 meliorandum

273 857 326 899 (⁴)
346 865 378 889 et
395 858 426 889 in
440 859 533 889 annis
549 859 794 890 advenientibus
812 860 914 890 xxix
932 861 971 890 ad
990 862 1207 892 renovandum

272 909 323 950 (5)
344 910 430 941 salva
454 911 619 941 sanatione
643 911 804 942 dominica
829 912 962 949 (danda)

273 961 326 1003 (6)
346 962 484 1003 qualiter
506 963 652 994 obtinere
680 964 880 1004 potuerimus
906 965 1126 996 dominatione
1151 967 1207 995 illa

274 1014 325 1056 (7)
345 1022 376 1046 et
399 1020 466 1056 tex)
489 1015 541 1046 die
566 1016 622 1045 illa
651 1015 709 1057 (qf.
731 1016 783 1055 D)

126 1066 149 1097 Ι.
167 1066 210 1097 11:
239 1066 331 1108 (st)
364 1065 592 1100 Pnoststlo:
625 1073 668 1102 (1)
700 1067 742 1098 ita
773 1078 848 1098 sane
880 1076 913 1099 ut
945 1069 1117 1099 inferamus
1147 1071 1206 1105 (in-

230 1118 347 1157 feratis,
371 1118 487 1150 inferre
509 1119 697 1154 debeamus)

271 1170 323 1212 (2)
345 1181 404 1202 nos
426 1171 549 1211 (coloni
575 1171 738 1212 nostrique
763 1171 819 1202 tilii
843 1172 916 1207 etc.)

240 1222 275 1263 (3
287 1230 324 1264 a)
345 1223 403 1254 tibi
428 1223 601 1263 (antedicta
626 1226 774 1264 patrona>
797 1225 924 1264 tuisque
948 1224 1117 1255 heredibus

239 1275 322 1316 (31³)
343 1275 515 1306 dominicis
538 1276 715 1306 rationibus

272 1326 325 1368 (4)
346 1327 527 1359 annualiter
551 1334 640 1361 taut:
659 1328 795 1367 singulis
818 1328 999 1368 quibusque
1022 1329 1128 1361 annis)

276 1380 326 1420 (5)
346 1380 435 1411 omni
461 1381 516 1410 5110
541 1389 649 1410 mense
673 1380 770 1419 (intra
795 1380 1019 1416 indictionem)

274 1433 326 1473 (6)
347 1442 405 1473 pro
430 1433 486 1462 i110
511 1432 612 1463 fundo
635 1438 690 1463 etc.

237 1485 274 1525 (7
286 1487 324 1525 a)
345 1484 385 1515 de
409 1484 497 1515 omni
523 1484 631 1515 labore
660 1485 780 1514 maiore
809 1484 939 1514 reddere
966 1485 1138 1515 debeamus
1165 1491 1208 1514 ror

239 1536 274 1576 (7
285 1537 321 1578 b)
343 1542 386 1566 rot
408 1536 557 1567 denarios
588 1536 683 1567 tituio
713 1537 877 1577 pensionis
912 1537 968 1566 illa
1004 1536 1056 1567 die
1087 1536 1206 1577 persol-

347 1598 458 1619 vamus

273 1641 326 1683 (8)
347 1648 377 1671 et
394 1640 520 1671 minuto
536 1640 752 1680 —legumina
766 1657 807 1663 —
822 1640 888 1670 lino
902 1658 939 1662 -
954 1641 1064 1670 exenia
1078 1658 1116 1662 —
1132 1641 1207 1670 vino

344 1711 386 1715 —
409 1702 524 1734 operas
546 1698 602 1723 etc.
625 1698 683 1723 etc.

347 1745 405 1786 (qs.
422 1745 553 1775 chartas
578 1746 681 1785 ipsas)

238 1798 275 1838 (9
286 1798 323 1838 a)
346 1797 414 1828 Hec
438 1797 548 1827 omnia
571 1796 652 1827 sicut
679 1796 825 1837 superius
853 1796 968 1836 legitur
996 1805 1067 1826 cum
1093 1795 1153 1826 fide
1177 1803 1206 1826 et

344 1848 482 1890 puritate
505 1848 574 1879 sine
597 1847 704 1889 aliqua
729 1847 838 1878 fraude
857 1848 905 1878 vel
926 1848 1003 1878 dolo
1019 1857 1205 1878 conservare

343 1908 374 1932 et
397 1900 573 1942 adimplere
597 1900 815 1941 promittimus
838 1899 1040 1940 (debeamus)

238 1953 324 1995 ωδ)
343 1953 413 1984 aine
435 1953 577 1994 aliquam
601 1952 782 1984 tarditatem
807 1959 861 1983 aut
885 1952 1065 1992 neglectum

234 2005 325 2048 [(ιο)
345 2013 377 2036 et
400 2015 466 2036 non
490 2004 664 2036 habeamus
688 2004 848 2035 licentiam
874 2004 958 2035 hunc
982 2003 1127 2034 libellum
1152 2010 1206 2034 aut

344 2057 542 2098 supradictas
565 2066 614 2088 res
637 2056 731 2087 alicui
757 2055 880 2086 homini
905 2062 1054 2086 extraneo
1071 2054 1207 2085 vendere

347 2119 402 2140 seu
427 2108 596 2140 transferre
619 2116 673 2139 aut
696 2117 835 2149 aponere
861 2107 908 2138 vel
933 2114 1129 2138 commutare
1152 2114 1205 2137 aut
