1747 2620
453 211 471 238 8
812 216 912 247 Corpus
933 215 1080 240 chartarum
1101 215 1185 239 ltaliae

456 304 495 334 11:
516 304 598 343 (Sa)
627 302 775 334 Sanctio
800 302 837 334 et
859 302 1063 334 reservatio
1088 301 1348 342 proprmtatis:
1376 301 1421 339 (ι)
1442 301 1538 337 Quod

675 355 699 384 si
725 355 757 384 in
782 354 888 394 aliqua
913 354 1060 384 tarditate
1087 361 1142 384 aut
1166 354 1312 393 neglectu
1339 354 1387 383 vel
1413 360 1538 384 contro-

675 407 776 436 versia
802 406 923 436 inventi
949 405 1102 436 fuerimus
1127 413 1211 436 extra
1236 415 1328 445 agere
1351 406 1391 435 de
1412 405 1461 435 his
1478 415 1539 446 que

675 459 819 499 superius
844 458 946 488 affixis
970 458 1215 488 condicionibus

600 511 652 551 (2)
675 521 739 541 non
765 511 870 541 solum
895 511 934 540 de
959 510 1019 540 hoc
1044 517 1193 550 precepto
1217 509 1402 540 recadamus

567 562 601 603 (3
615 563 651 603 a)
676 573 785 593 verum
825 563 921 593 etiam
961 563 1064 593 daturi
1102 572 1160 593 nos
1199 561 1415 602 promittimus
1450 561 1541 590 vobis

680 616 728 645 illi

571 667 605 708 (3
618 668 653 707 b)
676 677 786 697 verum
812 668 907 697 etiam

604 718 655 759 (4)
675 727 749 749 ante
774 729 869 749 omne
894 719 958 749 litis
983 719 1111 749 initium
1135 725 1189 748 aut
1215 717 1506 758 interpellationem

571 771 606 812 (5
620 771 657 812 a)
680 781 803 812 poenae
828 771 958 801 nomine
983 771 1051 801 auri
1076 770 1187 801 obrizo
1213 770 1322 800 uncias
1346 776 1389 799 tot

572 824 607 863 (5
620 823 655 864 b)
678 824 826 864 primitus
858 830 964 853 exacta
996 833 1110 863 poena,
1143 832 1223 862 quae
1256 823 1286 852 in
1319 822 1474 862 petitione
1498 828 1542 852 te-

678 883 794 906 nentur
818 876 849 905 in
875 875 1011 905 subditis

602 927 653 969 (6)
677 935 707 958 et
739 928 763 958 si
797 938 860 958 non
897 927 1145 967 persolverimus
1178 926 1393 967 (mul)totiens
1426 926 1542 956 dictam

677 980 867 1020 pensionem
893 979 974 1009 infra
999 979 1165 1009 biennium

606 1031 655 1073 (7)
678 1039 712 1062 ut
736 1032 822 1071 leges
847 1039 1000 1061 censeunt

603 1084 654 1125 (8)
677 1092 752 1114 tunc
776 1091 848 1124 post
872 1093 995 1124 poenae
1020 1083 1213 1113 solutionem
1239 1082 1366 1112 licentia
1390 1082 1430 1112 sit
1454 1081 1545 1112 vobis

681 1138 728 1166 illi
753 1146 810 1166 nos
835 1136 948 1166 exinde
972 1135 1130 1175 expellere

603 1188 654 1229 (9)
678 1196 708 1218 et
732 1189 868 1228 qualiter
892 1188 1088 1227 previderint
1112 1187 1260 1217 ordinare

588 1242 655 1282 (ιο)
679 1241 733 1271 sed
758 1248 788 1271 et
812 1248 883 1280 post
907 1240 1076 1270 transitum
1102 1246 1246 1270 nostrum
1264 1238 1394 1279 quando
1411 1237 1545 1268 domino

681 1293 835 1333 placuerit

596 1345 657 1385 (Π)
680 1345 800 1376 totiens
824 1345 923 1375 dictas
951 1355 1000 1374 res
1030 1354 1103 1374 cum
1132 1344 1282 1374 omnibus
1315 1353 1395 1383 quae
1425 1342 1504 1372 inibi
1529 1353 1545 1372 a

680 1397 773 1427 nobis
797 1404 888 1427 aucta
914 1396 994 1427 facta
1019 1396 1184 1426 meliorata
1210 1395 1327 1426 fuerint

591 1449 658 1491 (12)
681 1450 720 1479 ad
745 1450 794 1479 ius
811 1449 1057 1489 dominiumque
1074 1455 1214 1478 vestrum
1237 1448 1335 1483 illius,
1362 1447 1451 1477 cuius
1473 1456 1546 1487 pro-

680 1501 797 1542 prietas
822 1508 878 1540 est,
902 1508 1086 1531 revertatur.

461 1555 481 1585 1.
502 1555 544 1584 11:
571 1553 664 1595 (Ro)
689 1553 847 1592 Rogatio
872 1552 1042 1585 chartae:
1069 1551 1099 1593 (1
1112 1551 1149 1593 a)
1172 1552 1279 1589 Quam
1296 1561 1370 1582 vero
1395 1551 1546 1592 paginam

581 1606 612 1646 (1
625 1605 660 1646 b)
683 1606 790 1642 Quam
814 1605 971 1645 pactionis
995 1611 1121 1635 nostrae
1146 1604 1299 1634 cartulam

581 1658 611 1698 (ι
625 1657 659 1700 ο)
683 1658 789 1694 Quam
814 1657 978 1697 petitionis
1003 1664 1129 1687 nostrae
1153 1656 1303 1696 paginam

576 1710 607 1751 (ι
620 1710 657 1752 d)
681 1720 777 1750 quam
803 1720 877 1739 vero
903 1710 1057 1739 cartulam

609 1761 660 1803 (2)
683 1763 773 1791 illum
800 1767 855 1791 etc.
881 1761 1082 1791 scribendam
1106 1761 1290 1800 rogavimus

578 1814 612 1854 (3
626 1813 662 1855 a)
683 1813 729 1854 (in
759 1823 821 1853 qua
851 1820 881 1843 et
909 1814 981 1854 nos)
1011 1814 1118 1843 subter
1147 1822 1245 1842 manu
1282 1818 1387 1842 nostra
1418 1811 1546 1852 propria

685 1865 910 1907 (firmavimus)

578 1918 611 1957 (3
625 1918 660 1958 b)
685 1918 717 1947 in
748 1928 809 1957 qua
835 1927 893 1947 nos
921 1922 1033 1958 (manu
1062 1915 1205 1957 propria)
1235 1916 1362 1956 signum
1392 1915 1547 1958 (sanctae)

683 1970 783 2000 crucis
808 1970 941 2000 fecimus

578 2022 611 2062 (3
626 2022 660 2062 c)
682 2022 810 2062 signum
836 2046 841 2052 .
861 2046 867 2051 .
887 2046 893 2052 .
918 2022 1026 2052 subter
1050 2031 1163 2051 manus
1193 2028 1315 2051 nostras
1344 2020 1472 2061 propria
1497 2019 1547 2050 fir-

684 2084 843 2104 mav1mus

581 2130 614 2167 (3
627 2125 663 2167 d)
684 2126 716 2155 in
741 2136 804 2166 qua
828 2133 858 2156 et
882 2136 941 2156 nos
964 2125 1209 2165 subscripsimus
