1747 2620
665 221 784 247 aneon·
1229 225 1237 245 t
1246 227 1264 253 9

183 318 240 346 que
255 309 360 338 dicitur
377 310 522 346 Acxigata.
542 326 576 330 —-
603 309 670 340 1'1.
685 318 719 340 2:
739 312 844 339 domna
857 311 1016 346 Engelrada
1032 312 1083 347 gis.
1099 311 1163 339 [πω.
1178 312 1262 339 duca-

183 353 254 381 rissa
270 353 385 381 coniux.
411 353 477 391 31³:
496 355 523 381 d.
540 354 663 381 Martino
680 354 877 382 misericordia
892 354 938 382 dei
950 355 1017 382 dux.
1042 361 1105 390 41:
1124 354 1265 390 Gregorio

183 404 210 425 et
229 396 388 425 Dominisia
405 397 514 433 iugalis.
534 397 701 425 Duminicus
717 405 744 426 et
762 398 833 425 Ursa
851 397 952 433 iugalis
968 404 993 425 et
1012 397 1076 425 filiis
1093 398 1208 425 nostris.
1232 405 1263 435 5.

183 439 246 470 6..
260 456 301 460 —
318 438 384 470 De
400 449 424 469 ι.
437 448 471 469 2:
490 440 591 468 XXXX
609 441 782 469 tornaturias
799 442 834 469 de
852 448 926 469 terra
943 441 1115 469 lavoratoria
1132 448 1159 469 et
1178 441 1264 469 xxm

183 483 358 512 tornatorias
369 483 406 511 de
420 483 511 514 vinea.
526 484 575 511 sed
593 484 630 511 itu
647 491 741 512 tamen
758 494 812 520 ego
827 484 983 520 Gregorius
996 491 1022 512 et
1037 483 1194 512 Dominisia
1208 484 1264 519 iug.

184 527 290 555 habere
305 534 333 555 et
350 527 531 555 consicutare
544 524 710 565 [deb]emus
727 528 762 555 de
775 535 850 555 terra
863 527 1020 555 tornatur-ic
1033 527 1081 555 XX
1096 534 1122 555 ct
1135 528 1172 555 de
1185 527 1266 555 vinea

183 570 343 599 tornaturie
355 570 394 603 Χ;
412 577 438 598 et
453 579 508 607 ego
523 570 690 598 Dominicus
706 578 733 598 et
748 571 819 598 Ursa
836 570 892 606 iug.
908 579 972 598 cum
986 570 1091 598 nostris
1108 570 1172 598 liliis
1187 570 1266 598 abire

183 621 211 642 et
227 613 409 642 consicutare
425 614 490 641 deb.
509 613 562 641 alia
580 621 659 641 tanta
676 621 750 641 terra
771 622 845 650 quae
866 621 908 641 est
929 621 1004 641 torn.
1022 614 1071 641 XX
1089 621 1115 641 et
1133 614 1168 641 de
1185 613 1266 641 vinea

183 664 259 686 torn.
272 657 298 686 Χ
314 664 341 685 et
358 657 422 685 filiis
439 673 480 678 —
497 664 571 684 torn.
590 657 626 684 de
647 657 707 693 ipsa
725 657 805 685 vinea
827 658 954 684 lavorare
971 657 1036 684 deb.
1055 656 1082 684 in
1104 656 1266 684 domnicate

183 700 254 730 Cito
270 717 311 722 —
328 701 413 738 quale
430 709 481 728 vos
500 708 620 737 patrona
642 700 746 736 eligere
763 701 847 728 volet.
877 708 911 737 3:
930 709 995 727 cum
1016 700 1139 727 arbustis
1159 700 1266 728 arbori-

183 744 238 773 bus
253 753 304 772 seu
320 743 450 772 edificiis.
482 752 518 780 4:
537 743 565 771 in
582 752 674 771 massa
696 745 779 771 Prata
800 744 853 771 sita
875 751 940 771 terr.
959 743 1115 770 Faventino
1138 743 1219 780 plebe
1236 743 1265 770 S.

185 787 300 816 loannis
315 787 366 824 qui
379 796 442 815 voc.
457 787 484 815 in
497 787 644 824 Acxigata.
665 803 702 807 —
716 784 784 824 (¹3.
800 795 830 823 4.
844 794 874 824 5.
893 804 928 805 ff
948 785 1005 816 ΡΙ·
1017 793 1265 824 1.2.3a.4.7a:

184 830 285 859 modio
301 837 416 868 quarto.
441 830 476 860 8:
495 830 605 858 minuta
621 837 648 858 et
670 829 807 866 ligamina
828 830 926 857 modio
948 829 1060 866 quinto.
1080 830 1146 856 vinu
1163 829 1267 857 medie-

184 881 273 903 tatem
289 883 322 903 ex
339 883 413 906 vas:
430 874 532 902 exenio
550 883 618 901 vero
636 883 688 910 pro
705 882 884 910 unoquoque
900 882 976 900 anno
993 882 1084 909 grano
1101 871 1268 900 manolictili

185 917 285 947 modio
302 927 362 946 uno
377 917 473 946 aiusto
489 925 522 945 ac
538 917 619 954 ragio
636 917 731 953 pullos
747 917 792 950 Ν,
809 918 880 944 obas
893 916 953 949 ΧΧ,
972 916 1031 944 lino
1048 925 1151 943 manna
1168 923 1268 952 quarta

186 970 239 999 pro
256 968 350 990 vestra
365 970 481 989 omnem
498 959 623 989 iustissia
639 960 773 988 domnica
789 960 826 988 de
843 960 939 987 lavore
956 966 983 987 ct
1000 959 1110 987 minuto
1131 969 1180 987 seu
1198 959 1268 995 ligu-

185 1004 263 1033 mina
278 1011 306 1033 et
322 1004 382 1033 lino
398 1011 486 1041 atque
502 1003 628 1038 exsenio,
646 1011 673 1031 et
689 1003 725 1031 de
742 1003 808 1031 vino
826 1013 879 1040 pro
897 1010 975 1030 vecte
996 1003 1056 1030 duo
1076 1002 1200 1039 capienti
1220 1011 1269 1029 an-

186 1048 264 1077 foras
279 1055 375 1076 ternas
392 1057 442 1084 per
458 1056 512 1075 nos
528 1046 626 1076 coloni
643 1046 722 1074 omni
738 1055 815 1074 anno
833 1046 966 1083 usquein
979 1045 1122 1073 civitatem
1136 1046 1270 1073 Ravenne

186 1091 223 1130 in·
235 1092 325 1120 domo
347 1098 450 1125 vestra,
473 1099 577 1128 operas
599 1099 666 1118 vero
691 1099 744 1126 pro
769 1098 948 1126 unoquoque
972 1098 1048 1117 anno
1081 1098 1131 1125 per
1153 1098 1269 1117 omnem

187 1135 371 1164 hebdomada
390 1135 458 1162 dare
479 1135 635 1162 debeamus
656 1134 728 1161 duas
749 1133 828 1161 domi
853 1133 881 1160 in
902 1140 992 1165 curte,
1017 1132 1090 1160 duas
1114 1131 1270 1168 Gregorius

186 1179 338 1216 quomodo
351 1177 507 1215 imperatis,
522 1184 549 1205 et
562 1177 610 1205 ubi
629 1177 758 1214 imperati
777 1176 914 1204 fuerimus
927 1175 1040 1212 reliquo
1054 1175 1120 1203 vino
1134 1175 1270 1203 domnico

187 1222 267 1259 quod
283 1221 454 1250 remanserit
477 1230 531 1249 nos
554 1220 651 1249 coloni
669 1229 734 1248 eum
751 1229 834 1248 veere
854 1220 1009 1247 debeamus
1030 1218 1058 1246 in
1078 1225 1157 1246 curte
1178 1226 1270 1246 vestra

187 1265 217 1293 in
229 1265 367 1302 Aexigata
383 1264 491 1292 maiore
509 1263 626 1301 quidem
642 1263 778 1291 domnico
795 1270 890 1291 vestro
908 1263 951 1290 vel
965 1269 1058 1290 vestra
1073 1261 1270 1289 dominatione

187 1317 253 1337 cum
269 1317 361 1337 onore
373 1308 520 1345 suscipere
534 1304 742 1346 prom[ittimus
756 1315 808 1334 nec
822 1304 893 1344 non]
911 1305 1124 1342 susceptionem
1138 1305 1163 1333 ei
1176 1305 1270 1332 facere

187 1359 216 1380 et
231 1351 438 1380 brachiaticum
455 1351 628 1389 persolvere.
651 1357 713 1388 ρει.
728 1365 769 1371 -
784 1348 838 1379 Sa
851 1356 904 1378 ιε.
919 1356 979 1378 aa.
990 1356 1021 1386 3.
1034 1355 1094 1386 5³.
1108 1347 1138 1377 6.
1154 1355 1186 1385 7:
1205 1356 1269 1376 unc.

189 1396 220 1424 ΙΙ.
235 1395 266 1425 8.
279 1411 321 1416 -
337 1393 403 1426 Ro
418 1401 472 1424 la.
486 1401 550 1424 za:
569 1395 744 1421 johannes
761 1392 908 1421 tabellio
924 1391 1082 1420 civitatis
1101 1392 1270 1419 Ravenne.

186 1439 245 1477 31).
259 1447 291 1476 4.
308 1454 350 1460 —
367 1436 420 1469 sb
435 1445 490 1467 ιε.

478 1530 550 1563 Nt.
567 1538 590 1572 7
607 1548 707 1553 ——
724 1529 818 1572 892,
843 1538 894 1559 21.
918 1529 986 1559 Vll.

137 1594 179 1616 ex
191 1584 320 1625 Origin.
331 1584 427 1614 Arch.
438 1586 511 1614 Arc.
527 1583 561 1613 F.
573 1581 657 1623 1938
668 1597 710 1608 =
723 1582 878 1622 Fantuzzi
892 1581 936 1617 ΙΙ,
948 1581 1022 1621 379,
1038 1586 1072 1609 71⁰
1087 1589 1159 1620 149,
1169 1589 1189 1620 7
1201 1578 1324 1619 (Reg.).

296 1660 555 1703 Emphytousis
571 1659 630 1692 11:
655 1660 682 1691 Ι
694 1678 733 1682 -
751 1660 794 1691 D
810 1669 838 1690 ιι
857 1662 997 1689 formoso
1013 1669 1038 1687 a.
1054 1660 1072 1687 1.
1089 1657 1187 1697 2123:
1205 1658 1273 1686 Uui·

191 1706 260 1735 doni
282 1708 313 1735 ll.
339 1715 375 1745 3:
400 1716 442 1734 21.
459 1707 513 1734 Jul.
537 1705 595 1733 ind.
617 1705 651 1733 X.
679 1713 716 1741 4:
740 1704 862 1733 Feraria.
890 1720 930 1724 ——
954 1701 992 1733 S:
1019 1702 1171 1730 Dominico
1194 1702 1272 1730 arch.

193 1751 294 1779 Petrus
311 1757 338 1778 et
356 1749 411 1788 (sp.
426 1749 503 1786 vac.)
519 1758 569 1776 seu
587 1748 651 1776 filiis
667 1747 784 1777 nostris.
812 1746 851 1777 P
863 1755 895 1784 4.
918 1745 983 1777 De
998 1754 1022 1775 1.
1036 1754 1072 1775 2:
1087 1753 1162 1774 terra
1178 1752 1273 1773 exten-

191 1794 293 1822 dentes
310 1793 338 1821 in
355 1794 433 1830 long.
452 1792 575 1829 perticas
591 1792 615 1819 Χ
633 1792 720 1828 pedes
738 1801 766 1828 p.
780 1800 817 1818 m.
832 1790 916 1825 Lxx,
933 1797 975 1817 set
993 1789 1020 1817 in
1038 1790 1085 1817 lat.
1101 1795 1171 1825 pert.
1185 1788 1209 1816 X
1226 1797 1271 1824 pe-

192 1838 244 1866 das
261 1847 288 1874 p.
302 1846 339 1865 m.
353 1836 440 1864 XXX.
469 1844 500 1874 3.
514 1844 550 1872 4:
569 1835 597 1863 in
614 1834 678 1863 vico
695 1845 723 1871 q.
737 1835 765 1862 d.
780 1833 912 1862 Maserio.

297 1877 466 1910 Libellus
488 1875 548 1909 11:
574 1877 644 1916 03.
659 1885 730 1907 ιε.

296 1919 556 1963 Emphytousls
571 1918 628 1952 11:
652 1920 714 1952 Pr
730 1928 765 1950 2:
783 1921 849 1948 den.
868 1920 911 1947 ιιι.
935 1927 965 1957 3-
980 1927 1011 1955 4-
1025 1926 1055 1956 5-
1071 1917 1101 1947 6.
1117 1925 1148 1955 7:
1163 1917 1274 1945 martio.

193 1967 224 1997 8.
237 1974 272 2005 9.
289 1983 332 1988 —
351 1965 405 1997 Sa
421 1974 446 1995 1.
463 1973 495 1995 2.
510 1972 571 2004 3⁸·
588 1973 620 2002 4.
633 1972 699 2003 52:
716 1973 781 1992 unc.
793 1964 839 1991 Vl.
872 1962 901 1992 6.
918 1970 946 1999 7.
960 1962 1217 2000 8.9.1o.11.12.
1234 1976 1275 1981 —

192 2027 234 2032 —
258 2009 323 2041 Ro
338 2017 442 2039 κει-πε
467 2010 648 2037 nonestus
671 2015 740 2036 not.
764 2017 787 2035 s.
806 2007 882 2034 Rav.
905 2006 987 2034 cccl.
1010 2012 1066 2043 3e.
1084 2003 1217 2041 412612.
1234 2019 1275 2024 —

193 2052 237 2085 D
252 2061 280 2084 a
295 2069 337 2074 —
354 2051 405 2084 sb
417 2059 574 2082 tc—nc.
591 2067 632 2073 -
653 2050 686 2082 Τ
697 2059 722 2080 ι.
736 2058 767 2079 2.
779 2058 809 2088 3.
823 2058 854 2086 4.
868 2056 900 2086 5.
914 2048 944 2078 6.
959 2056 987 2085 7.
1001 2047 1031 2078 8.
1050 2046 1168 2086 [U]rsus
1180 2047 1275 2074 tabell.

193 2104 222 2126 et
243 2098 302 2126 dat.
326 2113 368 2117 —
391 2095 542 2125 Antonino
566 2095 674 2123 dativo.
700 2110 740 2115 —
766 2094 906 2122 lohannes
930 2092 1024 2120 tabell.
1047 2091 1112 2118 uius
1128 2089 1180 2118 civ.
1199 2091 1274 2118 Ferr.

194 2157 235 2162 —
253 2138 318 2180 [Co
333 2137 435 2178 deest}
