1747 2620
602 215 722 240 Ravenna
1183 224 1201 251 9

235 308 270 339 (3
283 302 317 337 e)
341 300 372 330 in
397 310 458 341 qua
489 310 546 331 nos
575 303 818 343 subscripsimus
847 312 876 335 et
901 305 1027 345 signum
1054 317 1075 337 s.
1102 308 1201 338 crucis

341 351 473 383 fecimus

231 412 318 441 (41,λ
342 405 539 446 testibusque
571 416 587 436 ι
620 407 712 437 nobis
747 408 865 447 rogatis
899 409 1076 441 obtulimus
1107 412 1199 441 robo—

340 457 475 487 randum

231 518 266 545 ¹4
281 510 318 539 bi
340 509 538 550 testibusque
562 521 578 540 a
604 511 697 541 nobis
721 512 838 551 rogatis
865 513 1042 544 obtulimus
1065 515 1197 544 subscri-

340 561 477 591 bendum

270 612 319 653 (5)
340 622 516 654 eorumque
540 614 730 654 presentiam
755 624 824 645 eam
850 616 939 645 vobis

227 664 314 703 (6⁸)
336 670 438 702 (ante)
463 675 544 695 unus
568 666 698 696 alterius
721 667 866 706 ‹pariter›

229 716 315 749 (σὺ)
336 716 442 754 (vobis
465 716 634 751 tradimus)

265 775 316 806 17)
338 768 592 799 contradidimus

265 821 316 857 (8)
337 829 500 860 quamque
523 828 554 851 et
579 821 610 851 in
635 821 777 851 archivio
793 831 919 853 sanctae
938 831 1057 854 vestrae
1076 824 1197 854 Raven-

340 872 422 902 natis
437 873 588 903 ecclesiae
605 883 663 913 pro
682 874 795 904 suturis
811 875 1009 915 temporibus
1025 876 1083 905 sub
1100 876 1197 916 stipu-

340 924 458 955 latione
469 932 499 955 et
512 924 749 965 (reisponsione
763 926 952 957 tradidimus
965 928 1198 958 recondendam

263 976 315 1016 (9)
339 1000 344 1006 .
364 1000 394 1007 ..
420 986 552 1017 agamus
575 977 637 1007 deo
660 985 690 1008 et
714 978 850 1008 maxima
875 979 974 1018 gratia

118 1028 140 1060 Ι.
159 1028 200 1059 H:
226 1028 284 1068 (D
299 1029 341 1069 a)
368 1027 500 1061 natum
523 1028 800 1062 nbbrevinmm:
824 1031 884 1060 sub
907 1030 959 1061 die
977 1040 1084 1061 mense
1105 1039 1133 1062 et
1153 1032 1197 1061 in-

218 1080 360 1122 dictione
383 1080 623 1122 (suprascripta)
647 1082 703 1111 illa
729 1082 881 1112 Ravenna

117 1133 139 1164 Ι.
159 1132 201 1164 11:
226 1133 307 1173 (δυ)
333 1132 584 1174 subscriptio:
610 1133 656 1173 (r)
681 1138 719 1170 «ι-
738 1133 792 1163 ille
815 1139 871 1164 etc.

230 1183 317 1225 (τε)
338 1184 411 1215 huic
436 1184 586 1225 paginam
610 1184 773 1215 enfiteusis

229 1235 268 1276 (2
279 1237 316 1277 b)
339 1236 370 1266 in
396 1236 454 1267 hac
478 1237 633 1277 petitione

264 1287 315 1330 (3)
336 1288 376 1320 de
399 1289 551 1320 omnibus

260 1341 315 1381 (4)
336 1341 417 1372 sicut
440 1351 534 1382 supra
558 1342 702 1382 (legitur)

264 1392 316 1434 (5)
338 1403 356 1424 a
379 1403 430 1424 me
455 1393 535 1424 facta

263 1444 315 1486 (6)
337 1445 369 1476 in
394 1453 424 1476 te
450 1446 505 1475 illo
529 1451 583 1476 etc.
608 1446 747 1486 (tuisque
770 1445 1019 1483 successoribus)

264 1498 316 1538 (7)
338 1498 378 1528 ad
402 1498 510 1528 omnia
534 1498 746 1538 suprascripta
770 1498 866 1538 relegi
896 1498 1040 1528 consensi
1065 1505 1094 1528 et

265 1550 317 1591 (8)
338 1559 435 1580 manu
459 1559 528 1580 mea

265 1602 316 1643 (9)
337 1602 508 1642 subscripsi

249 1654 316 1695 (το)
337 1662 368 1685 et
391 1661 487 1685 testes
509 1653 646 1684 scribere
670 1654 778 1694 rogavi

215 1707 263 1746 (ιι
276 1706 314 1747 a)
336 1713 367 1737 et
390 1705 594 1747 suprascripti
619 1705 756 1736 calciarii
785 1705 842 1735 tibi
867 1705 939 1735 dedi

220 1758 268 1799 (11
280 1758 317 1799 b)
339 1765 370 1789 et
392 1757 596 1798 suprascripti
621 1757 746 1788 calciari
771 1757 874 1797 recepi

123 1812 156 1851 (ι
167 1820 266 1843 c—11
279 1813 314 1848 c)
337 1810 472 1851 Signum
492 1814 529 1847 -ξ-
547 1819 661 1840 manus
684 1810 783 1850 (mea)
806 1808 1009 1850 suprascripti
1035 1809 1122 1838 illius
1142 1814 1199 1839 etc.

337 1861 541 1903 suprascripti
573 1861 717 1902 petitoris
748 1861 801 1902 (ad
834 1860 941 1891 omnin
973 1860 1198 1900 suprascriptai

339 1914 389 1945 cui
413 1914 566 1945 relectum
589 1920 636 1944 est

118 1967 140 1998 1.
159 1967 200 1999 11:
227 1967 288 2009 (T)
313 1966 458 1999 Testes:
484 1967 530 2007 (ι)
555 1971 593 2002 -÷-
612 1966 666 1995 ille

225 2019 265 2059 (2
276 2020 315 2060 a)
337 2018 411 2050 huic
434 2018 585 2059 paginam
609 2017 773 2058 petitionis

231 2070 270 2112 (2
281 2073 317 2112 b)
339 2070 372 2102 in
396 2069 455 2101 hnc
478 2070 633 2111 petitione

265 2122 315 2162 (3)
337 2122 377 2153 de
400 2122 552 2153 omnibus
