1747 2620
402 200 438 227 18
755 206 855 238 Corpus
875 206 1021 230 chartarum
1043 207 1125 232 ltaliae

398 304 459 321 rum
484 294 575 321 fundo
601 304 628 330 q.
647 304 671 321 v.
691 294 833 322 Sariliano
855 302 882 322 et
906 295 997 323 fundo
1023 296 1167 332 Segetano
1193 303 1295 324 cuncta
1320 297 1406 325 Decia
1429 303 1481 325 etc.

397 344 579 373 persecutam:
601 338 703 365 debeat
727 344 784 365 trcs
809 347 864 365 unc
883 360 888 365 .
909 360 914 365 .
934 360 939 366 .
963 340 1034 366 dura
1055 346 1082 367 et
1098 339 1154 367 iam
1179 339 1254 368 dicta
1274 341 1416 368 Columba
1431 347 1482 369 etc.

397 380 577 408 consicutare
590 381 695 408 debeas
709 381 834 417 reliquas
848 388 904 409 tres
919 391 974 409 unc
992 404 997 409 .
1010 404 1015 409 .
1028 404 1033 409 .
1052 382 1134 410 fundi
1152 390 1301 419 exceptum
1318 384 1389 412 duas
1403 385 1484 420 pecia

396 424 478 451 vinee
495 431 522 451 et
539 425 596 452 dua
613 424 694 461 pecia
715 431 789 452 terre
807 434 893 461 quam
910 432 1003 453 vestra
1020 426 1170 453 reservasti
1187 426 1217 454 di
1235 427 1374 455 manibus.
1401 436 1432 465 3.
1445 437 1481 464 4:

396 475 461 495 terr.
480 468 592 503 plevem
609 474 703 495 castro
720 468 897 497 Tausiniano
915 468 945 498 6.
962 484 1005 489 —
1022 466 1090 507 03.
1105 478 1136 506 4.
1153 477 1184 507 5.
1199 469 1228 499 6.
1245 477 1276 506 7:
1295 471 1483 499 kalendarum

396 511 591 538 octubriarum
608 527 649 531 —
665 510 747 541 I·—
764 510 806 541 D
822 521 851 540 1:
870 512 1014 540 Adrianus
1030 522 1054 540 a.
1071 513 1116 540 VI.
1145 521 1180 541 2:
1200 513 1367 542 Luduuicus
1383 514 1482 542 XXIV.

393 563 430 591 3:
450 564 490 589 19.
505 555 625 582 Octubr.
640 555 699 582 ind.
715 556 760 582 VI.
779 572 818 575 —
836 554 898 586 Pr
913 565 938 584 1.
950 556 1008 593 31).
1023 564 1117 592 4ss.:
1136 557 1172 583 de
1189 556 1289 593 quidq.
1304 557 1362 584 vini
1379 557 1483 585 ibidem

397 597 532 625 dominus
555 599 696 626 annaliter
720 600 888 627 condonare
913 599 1008 634 iuseri,
1027 600 1084 627 hoc
1105 606 1146 627 est
1163 600 1283 627 teratico
1302 623 1307 627 .
1327 622 1332 627 .
1353 622 1358 627 .
1377 607 1404 628 et
1420 601 1484 628 fava

420 663 425 668 .
441 663 446 668 .
465 651 550 669 omne
569 664 574 669 .
590 664 595 669 .
612 664 617 669 .
637 642 722 670 etiam
735 643 771 670 de
787 642 898 670 minuto
916 652 966 671 sco
983 643 1129 680 legumina
1146 643 1242 671 omnia
1256 651 1282 671 et
1300 653 1332 671 ex
1349 644 1484 672 omnibus

397 685 496 712 modio
518 686 652 722 septimo,
670 686 730 713 lino
751 695 854 714 manna
871 686 983 714 decima
998 692 1050 714 etc.
1068 692 1119 714 etc.

687 780 759 813 Nr.
774 789 799 821 5
818 800 907 802 ss—rv
934 780 1025 820 882,
1049 780 1099 810 26.
1124 782 1191 810 VII.

343 842 384 862 ex
397 832 713 873 Origin.Arch.Arc.
724 833 855 871 L.5o55
867 847 909 858 ==
922 834 1080 873 Fantuzqi
1092 833 1138 869 ΙΙ,
1150 833 1223 874 379,
1239 839 1272 863 η’)
1289 843 1361 874 149,
1375 841 1399 871 4
1413 833 1535 876 (Reg.).

498 909 667 942 Libellus
692 910 728 942 1:
752 911 790 942 I:
810 914 859 948 -}-.
878 929 917 933 ——
936 911 975 942 P
988 922 1017 941 ιτ
1036 914 1077 940 De
1094 913 1285 940 sanctimonia
1301 920 1395 941 vestra
1412 913 1483 950 peti-

394 965 458 983 mus
481 964 517 984 2:
536 956 615 983 dom.
630 956 744 983 beatiss.
762 957 909 983 Romanus
926 966 952 992 g.
971 957 998 983 d.
1016 956 1142 993 archiep.
1161 966 1182 983 s.
1203 957 1270 983 Rav.
1290 958 1358 984 eccl.
1381 957 1483 994 (scrip-

395 1005 459 1026 tura
472 999 658 1038 prolongata)
679 1008 715 1036 4:
735 998 904 1038 [Martinus]
922 1006 949 1027 et
962 1000 1122 1036 Stephania
1134 999 1220 1036 iugal.
1235 1009 1285 1027 seu
1299 1000 1363 1027 filiis
1376 1000 1483 1028 nostris

395 1050 425 1079 5.
441 1042 497 1071 60.
514 1050 540 1079 7.
559 1059 601 1062 —
617 1041 683 1072 De
699 1052 723 1071 ι.
738 1051 773 1071 2;
797 1043 877 1070 fund.
897 1043 925 1070 in
942 1043 991 1070 int.
1011 1053 1038 1079 q.
1056 1052 1081 1070 v.
1096 1043 1235 1070 Taurasia
1256 1052 1342 1079 quem
1359 1053 1412 1071 nos
1429 1043 1483 1080 ipsi

395 1085 508 1113 colonis
524 1095 541 1113 a
557 1086 688 1113 manibus
705 1086 811 1114 nostris
829 1093 926 1114 tenere
943 1093 971 1113 et
983 1087 1114 1114 laborare
1127 1086 1179 1114 visi
1193 1096 1301 1114 sumus.
1327 1095 1358 1124 3.
1372 1095 1408 1123 4:
1427 1093 1483 1115 ter—

395 1129 439 1156 rit.
454 1129 514 1157 Liv.
533 1130 616 1166 plebe
633 1139 654 1157 s.
673 1129 802 1157 Cassiani
820 1129 849 1157 in
866 1129 1000 1158 casatico.
1030 1127 1095 1159 CI.
1110 1138 1141 1158 2.
1153 1139 1184 1167 3.
1198 1139 1230 1166 4.
1243 1138 1274 1167 5.
1289 1130 1318 1159 6.
1335 1138 1367 1167 7:
1385 1131 1483 1158 kalen-

395 1174 496 1200 darum
519 1173 658 1200 Juliarum
682 1189 723 1193 -—
750 1172 782 1202 I.
805 1190 846 1192 —
868 1172 951 1202 DI:
973 1174 1121 1201 Johannes
1141 1183 1166 1200 a.
1188 1174 1222 1200 X.
1259 1172 1353 1211 2bf3:
1377 1174 1483 1202 Karolo

393 1226 419 1244 a.
437 1217 468 1243 II.
498 1225 533 1254 3:
552 1220 593 1244 26.
611 1217 678 1244 Julii
700 1216 758 1244 ind.
780 1217 840 1244 XV.
859 1226 890 1253 4.
913 1233 954 1236 —
975 1216 1037 1247 Pr
1057 1226 1081 1245 1.
1094 1217 1151 1254 3b.
1166 1225 1197 1245 2.
1213 1217 1340 1254 7a—8:
1364 1218 1420 1245 hoc
1441 1224 1484 1245 est

394 1259 559 1288 terraticum
577 1261 612 1287 de
629 1260 708 1287 omni
721 1261 819 1288 labore
836 1260 944 1288 maiore
961 1270 1011 1288 seu
1029 1267 1056 1288 et
1073 1260 1185 1288 minuto
1203 1267 1290 1297 atque
1303 1267 1330 1288 et
1347 1261 1484 1297 ligumina

395 1303 492 1331 omnia
509 1310 535 1331 et
553 1313 585 1331 ex
602 1304 737 1331 omnibus
750 1304 828 1331 mod.
844 1311 958 1338 octavo,
976 1304 1036 1332 lino
1049 1313 1154 1332 manna
1167 1311 1278 1338 octava,
1296 1304 1364 1332 vino
1381 1305 1484 1332 anfora

393 1347 478 1374 tertia
494 1356 525 1374 e.
539 1369 544 1374 .
556 1357 583 1375 rs
601 1357 652 1384 per
664 1354 774 1375 vectem
791 1357 850 1375 uno
867 1357 983 1375 omnem
1000 1347 1164 1375 terraticum
1182 1347 1210 1375 in
1227 1347 1277 1375 int.
1293 1349 1328 1375 de
1341 1348 1440 1376 labore
1457 1355 1484 1376 et

394 1390 462 1418 vino
479 1400 529 1418 seu
547 1398 574 1418 et
590 1391 650 1418 lino
668 1400 719 1427 per
735 1400 789 1418 nos
807 1391 920 1419 colonis
942 1401 1034 1427 usque
1058 1391 1087 1418 in
1108 1391 1282 1419 domnicalia
1298 1398 1392 1419 vestra
1407 1392 1443 1419 ad
1460 1401 1482 1419 s.

394 1435 556 1469 Clemente;
575 1434 676 1462 exenio
693 1444 761 1462 vero
784 1435 852 1462 anni
873 1435 978 1471 singuli
1001 1435 1068 1462 dare
1091 1435 1247 1462 debeamus
1269 1444 1359 1471 grano
1376 1435 1483 1462 manul.

394 1484 486 1514 quart.
506 1487 574 1512 uno,
597 1478 668 1515 pull.
687 1488 746 1515 par.
765 1488 838 1513 un0;
861 1478 1055 1515 glandaticum
1077 1478 1106 1505 in
1127 1478 1177 1505 int.
1195 1478 1225 1505 in
1246 1479 1324 1506 dom.
1343 1479 1483 1514 profecta,

393 1522 521 1549 adducto
544 1522 608 1558 ipso
630 1522 732 1549 exenio
754 1529 781 1549 et
803 1522 967 1559 glandatico
990 1531 1040 1558 per
1061 1531 1115 1549 nos
1136 1522 1249 1549 colonis
1270 1531 1362 1558 usque
1384 1521 1412 1549 in
1430 1521 1483 1550 civ.

394 1566 463 1592 Rav.
482 1565 510 1592 in
527 1566 616 1592 domo
634 1565 774 1601 episcopii
791 1565 887 1600 vestri,
907 1587 912 1592 .
929 1587 934 1592 .
951 1588 956 1592 .
975 1573 1068 1593 torem
1081 1565 1190 1593 scilicet
1207 1575 1229 1593 s,
1244 1572 1337 1593 vestre
1355 1567 1424 1593 Rav.
1439 1574 1484 1593 ec-

394 1608 479 1636 clesie
500 1609 545 1636 vel
565 1616 660 1636 vestra
682 1609 880 1636 dominatione
903 1609 1049 1645 suscipere
1072 1609 1227 1637 debeamus
1249 1615 1276 1636 et
1300 1615 1425 1645 suscept.
1443 1609 1484 1636 eis

394 1653 487 1680 facere
502 1659 529 1679 et
542 1652 749 1680 brachiaticum
766 1653 931 1689 persolvere
946 1662 1009 1680 cum
1025 1653 1136 1680 honore
1146 1659 1173 1680 et
1185 1652 1363 1687 obedientia;
1380 1661 1484 1689 operas

393 1705 462 1723 vero
480 1695 509 1723 in
525 1696 649 1732 angariis
667 1697 735 1723 dare
752 1697 908 1724 debeamus
926 1697 998 1724 duas
1011 1705 1076 1723 cum
1093 1697 1182 1724 bovas
1199 1702 1227 1723 et
1240 1697 1311 1724 duas
1324 1706 1340 1723 a
1353 1695 1484 1724 manibus

394 1739 473 1766 omni
489 1739 651 1767 annualiter
673 1740 792 1776 quando
810 1739 942 1776 imperati
959 1739 1098 1767 fuerimus
1115 1740 1143 1767 in
1160 1739 1325 1776 supradicta
1341 1746 1413 1767 curt.
1435 1747 1482 1768 10.

394 1791 435 1811 11.
450 1790 513 1820 ρει.
530 1799 573 1802 —-
597 1781 654 1813 Sa
668 1783 720 1812 lb.
735 1791 837 1820 za.3.
851 1783 909 1820 5b.
924 1783 953 1812 6.
970 1790 1001 1820 7:
1019 1792 1086 1811 unc.
1104 1784 1135 1811 11.
1154 1783 1184 1812 8.
1205 1800 1247 1803 —
1271 1781 1336 1813 Ro
1351 1783 1403 1812 lb.
1417 1790 1482 1812 za:

394 1827 575 1854 Honestus
599 1834 667 1854 not.
693 1837 715 1854 s.
735 1828 812 1854 Rav.
838 1828 921 1854 eccl.
952 1834 1011 1864 3a.
1030 1843 1071 1846 —
1088 1825 1130 1856 D
1147 1834 1175 1856 a
1195 1843 1236 1847 —-
1261 1825 1313 1857 Sb
1329 1827 1386 1855 Ib:
1409 1827 1484 1854 Mar-

394 1870 470 1897 tinus
488 1869 620 1906 petitore.

696 1955 769 1987 Nr.
788 1954 813 1987 6
830 1974 930 1976 ——
947 1954 1036 1997 889,
1054 1965 1105 1985 20.
1123 1955 1182 1985 XI.

757 2022 799 2033 =
815 2008 973 2048 Fantuzzi
994 2008 1022 2044 I,
1042 2013 1075 2037 n⁰
1089 2017 1118 2047 4.

498 2085 668 2118 Libellus
691 2085 730 2118 I:
754 2087 783 2117 I
794 2104 835 2108 —
852 2086 895 2117 D
908 2097 937 2116 ιε
961 2088 1128 2124 Stephanus
1143 2097 1169 2115 a.
1184 2088 1230 2115 lV.
1255 2095 1291 2116 2:
1310 2095 1417 2115 nornen
1433 2087 1485 2114 do-

394 2131 462 2159 mini
480 2131 662 2168 imperatoris
679 2141 738 2159 non
757 2132 904 2160 habemus.
929 2140 962 2170 3:
986 2141 1020 2159 20
1035 2132 1109 2159 Nov.
1128 2131 1186 2159 ind.
1202 2132 1272 2158 VlII.
1297 2139 1332 2167 4:
1355 2130 1384 2158 in
1405 2137 1484 2159 curte
