1747 2620
838 543 1078 589 Chartae.

628 632 698 664 Nr.
716 641 734 664 1
869 631 945 672 838
959 631 1022 672 (5²),
1048 641 1090 670 24
1107 632 1155 661 vel
1171 640 1212 669 25
1229 653 1236 660 .
1255 654 1262 660 .
1280 653 1287 659 .

365 696 405 716 ex
418 686 539 727 Origin.
553 686 648 715 Arclz.
659 686 731 714 Arc.
749 685 784 714 F.
800 685 883 724 1935
897 699 938 709 =
951 684 1104 714 Fantuzzi
1119 683 1162 719 II,
1177 683 1250 724 379,
1270 688 1303 713 ηο
1319 692 1391 723 149,
1404 681 1553 724 1(Reg.).

519 763 777 805 Emphth-Ilsis
789 762 825 796 I:
844 766 882 800 -l-
897 763 1009 794 I-D
1019 773 1034 792 1
1047 764 1185 799 (lacuna).
1203 771 1226 792 2
1235 771 1270 792 a:
1285 763 1423 791 Lothario
1436 772 1502 799 rege

415 820 440 838 a.
459 811 530 838 XIX.
552 818 586 847 3:
609 819 643 845 24
660 809 704 836 vel
719 818 750 843 25
766 831 770 836 .
787 831 814 836 ..
840 825 880 828 -—
897 807 936 837 P
949 817 974 836 1.
992 808 1054 836 212:
1074 807 1102 834 in
1119 807 1164 834 dei
1182 816 1260 834 nom.
1279 807 1421 843 Georgius
1442 806 1502 834 dia-

416 863 507 881 conus
531 863 552 881 s.
576 853 767 881 Cumiaclens.
793 853 861 879 eccl.
886 851 945 879 filio
967 860 1041 887 pres.
1062 858 1089 878 et
1112 860 1192 878 cons.
1215 850 1350 878 Iohannis
1369 872 1375 877 .
1395 872 1400 877 .
1421 872 1426 877 .
1453 849 1502 886 qui

417 897 445 924 in
466 897 597 934 predicto
615 896 763 924 Cumiaclo
780 904 933 923 cumanere
950 894 1026 922 visso
1044 901 1095 922 est.
1111 903 1145 931 3:
1166 895 1271 921 Paulus
1288 893 1353 921 filiis
1370 900 1397 921 et
1413 902 1502 930 nepo-

416 941 490 968 tibus
506 940 586 968 meis.
608 949 639 976 4.
655 940 713 967 Pro
724 947 759 976 5:
775 948 831 975 que
848 938 898 966 tibi
915 938 1012 966 omnia
1029 938 1121 965 evenit
1134 947 1150 965 a
1164 938 1211 973 qd.
1226 947 1248 965 s.
1263 937 1400 965 memoria
1413 938 1502 964 Bene-

415 991 482 1012 nata
502 985 608 1011 domna
628 983 806 1011 sanctissima
826 981 970 1019 genetrice
992 1003 1018 1008 ..
1035 1003 1040 1008 .
1066 981 1195 1017 undique
1220 980 1291 1008 mibi
1310 980 1456 1008 ovenisset
1477 986 1503 1007 et

416 1036 602 1064 quocumque
626 1027 746 1054 modurn
768 1027 811 1053 vel
832 1025 947 1052 titulum
971 1025 1100 1060 undique
1124 1024 1193 1052 mihi
1211 1046 1216 1051 .
1236 1046 1241 1051 .
1261 1046 1267 1051 .
1293 1033 1340 1051 ere
1364 1023 1501 1060 potuisse.

416 1070 482 1101 De
497 1080 521 1100 Ι.
539 1079 575 1100 2;
594 1070 688 1098 omnis
705 1069 877 1106 pertinentia
894 1069 922 1096 in
939 1075 1033 1096 vestra
1053 1067 1204 1104 principal.
1223 1067 1251 1095 in
1268 1067 1317 1094 int.
1348 1075 1378 1104 3.
1396 1076 1427 1103 4.
1446 1089 1452 1094 .
1471 1089 1477 1094 .
1497 1089 1502 1094 .

416 1114 596 1142 Ferrariense
610 1115 692 1150 plebe
706 1123 728 1140 s.
744 1113 833 1140 Marie
846 1122 873 1148 q.
885 1122 910 1139 v.
925 1112 953 1139 in
967 1111 1091 1139 Batoria.
1118 1111 1146 1140 6.
1163 1118 1194 1148 7:
1211 1133 1216 1138 .
1233 1133 1238 1138 .
1253 1120 1376 1138 comune
1389 1126 1431 1131 —
1444 1119 1504 1138 cas-

416 1159 474 1186 sale
488 1168 515 1194 q.
527 1168 553 1185 v.
564 1159 600 1185 de
614 1157 701 1184 Lucia
712 1173 753 1177 ——
767 1165 800 1184 ca
817 1179 822 1184 .
839 1178 843 1183 .
861 1178 866 1183 .
881 1171 922 1176 —
935 1155 1011 1192 petia
1023 1163 1096 1182 terre
1111 1155 1160 1191 qui
1173 1162 1215 1182 est
1228 1154 1330 1182 vineal.
1345 1155 1380 1182 de
1394 1153 1504 1191 ipsiu[s]

416 1202 494 1229 iuris.
509 1202 539 1231 8.
561 1200 613 1231 Co
626 1210 650 1229 1.
665 1209 696 1229 2.
709 1209 739 1238 3.
754 1199 815 1230 Pr
831 1208 860 1228 1:
877 1199 990 1226 martio.
1004 1207 1027 1227 2
1043 1199 1170 1234 (lacuna)
1185 1198 1242 1235 3b.
1257 1206 1278 1234 4
1291 1199 1348 1225 den
1362 1219 1368 1225 .
1384 1220 1390 1225 .
1406 1219 1411 1225 .
1430 1198 1504 1225 duos

415 1253 446 1283 5.
464 1244 527 1275 Re
539 1254 564 1273 1.
578 1253 608 1273 2.
621 1253 652 1282 3.
667 1253 697 1280 4.
723 1241 776 1273 Sa
792 1243 924 1280 1b.2.3.
937 1250 996 1279 4a.
1011 1250 1071 1279 5a.
1088 1241 1224 1279 [lacuna]
1236 1249 1287 1271 10:
1303 1241 1402 1269 uncias
1416 1242 1446 1269 11.
1461 1250 1502 1270 n.

416 1288 480 1319 Ro
497 1296 550 1317 Ia.
568 1296 604 1317 2:
629 1287 799 1315 Johannis
821 1287 854 1314 in
875 1286 929 1313 dei
949 1295 1036 1313 nom.
1058 1285 1253 1313 tabellione
1277 1286 1317 1313 de
1342 1285 1402 1312 civ.
1425 1285 1502 1312 Rav.

414 1340 474 1370 33.
488 1340 548 1368 4a.
562 1339 592 1369 5.
609 1339 636 1368 7.
655 1330 697 1360 D
711 1338 750 1360 a:
773 1330 889 1358 ind.VII
904 1329 1062 1357 Cumiaclo.
1087 1327 1309 1359 Sblc—nc:
1326 1329 1431 1356 Paulus
1444 1327 1504 1355 filio

418 1377 560 1403 Rotelmo.
593 1375 659 1404 ΤΙ.
678 1382 738 1403 23.
755 1383 785 1411 3.
799 1383 830 1410 4.
849 1373 878 1403 8.
893 1381 927 1411 9.
961 1375 1061 1400 Petrus
1078 1383 1133 1400 vm.
1152 1372 1212 1400 filio
1234 1371 1398 1400 Donumdei
1418 1380 1502 1408 nego.

416 1419 556 1447 Nazarius
573 1429 628 1446 vm.
647 1419 779 1456 (Signum
797 1418 926 1452 manus.)
947 1417 1101 1444 Mauricius
1119 1426 1146 1452 q.
1162 1426 1186 1443 v.
1202 1417 1237 1443 de
1255 1415 1376 1443 decimo.
1412 1413 1463 1445 Co
1479 1423 1503 1443 ι.

417 1471 448 1492 2.
461 1471 490 1500 3.
506 1471 537 1499 4.
551 1470 582 1500 5.
598 1462 622 1491 6
641 1461 702 1492 No
720 1461 830 1498 (infime
847 1461 1037 1498 incompleta).

722 1555 794 1588 ΝΥ.
812 1563 839 1587 2
975 1554 1067 1595 844,
1094 1564 1144 1584 12.
1169 1555 1200 1583 V.

781 1623 823 1633 =
838 1608 996 1647 Fantuzffii
1017 1607 1044 1643 J,
1063 1611 1096 1637 n⁰
1112 1616 1140 1636 2.

521 1677 781 1719 Emphytellsis
798 1676 832 1708 I:
851 1677 930 1708 Ι-
943 1677 985 1707 D
998 1687 1013 1706 1
1031 1678 1165 1713 (lacuna).
1184 1677 1235 1705 2b
1246 1675 1279 1714 βε
1298 1675 1446 1703 Hlotarius
1459 1684 1504 1703 ex-

418 1723 521 1751 celenti
536 1745 541 1750 .
558 1745 563 1750 .
579 1745 584 1750 .
600 1724 645 1750 IX.
666 1731 700 1760 3:
718 1722 1006 1751 12.1x=1adi0ind.vu.
1021 1730 1055 1757 4:
1068 1721 1204 1756 (lacuna).
1218 1737 1260 1740 —
1273 1718 1350 1749 Pl:
1365 1719 1503 1755 (lacuna).

418 1768 467 1796 2b
481 1765 537 1806 [in]
551 1767 598 1794 dei
614 1766 730 1794 nomine
745 1767 847 1793 Petrus
865 1775 915 1802 per
927 1765 1037 1792 domini
1050 1764 1248 1792 misericordia
1264 1762 1434 1791 venerabilis
1447 1762 1504 1790 dia-

419 1820 510 1838 conus
527 1820 549 1838 s.
565 1812 671 1838 Raven.
690 1809 809 1837 ecclesie
832 1816 858 1836 et
879 1810 952 1836 abba
969 1808 1139 1836 venerabilis
1160 1806 1327 1835 monasterii
1347 1807 1428 1834 beate
1446 1828 1452 1833 .
1472 1828 1478 1833 .
1497 1828 1503 1833 .

418 1862 478 1882 rate
495 1861 591 1881 sancte
609 1862 780 1890 semperque
793 1853 910 1890 virginis
928 1859 955 1879 et
972 1852 1017 1879 dei
1033 1851 1186 1888 genetricis
1202 1850 1329 1888 gloriose
1343 1849 1432 1877 Marie
1449 1858 1504 1886 que

418 1905 538 1925 vocatur
553 1898 589 1925 ad
606 1899 747 1924 Matrona.
777 1905 799 1934 3
816 1896 984 1924 Dominicus
1006 1895 1120 1923 humilis
1142 1895 1282 1931 presbiter
1303 1900 1330 1921 et
1347 1900 1464 1921 cantore
1481 1902 1503 1921 s.

419 1943 524 1968 Raven.
548 1941 667 1968 ecclesie
691 1940 824 1968 omnibus
849 1939 950 1967 diebus
966 1939 1022 1966 vite
1046 1948 1108 1966 mee
1125 1945 1152 1966 et
1169 1945 1234 1974 post
1257 1946 1353 1965 meum
1373 1937 1505 1964 hobitum

419 1986 533 2012 duobus
550 1984 766 2012 successoribus
788 1983 858 2011 meis
880 1983 926 2010 cui
944 1992 998 2019 ego
1020 1983 1088 2009 dare
1105 1983 1148 2009 vel
1166 1981 1364 2017 derelinquere
1385 1980 1504 2007 voluero

419 2028 477 2055 sive
494 2028 522 2055 in
539 2028 596 2055 vita
613 2028 671 2055 sive
693 2034 759 2064 post
780 2034 904 2054 mortem
925 2035 1017 2054 meam
1036 2033 1085 2053 aut
1103 2025 1147 2053 cui
1169 2035 1222 2062 ego
1244 2034 1295 2061 per
1315 2033 1410 2051 meum
1431 2023 1505 2051 iudi-

418 2072 490 2099 tium
510 2078 559 2099 aut
579 2080 630 2107 per
647 2071 750 2107 quovis
771 2070 865 2098 modis
887 2070 1076 2106 designavero
1098 2069 1227 2096 similiter
1248 2068 1382 2096 omnibus
1403 2067 1504 2095 diebus

419 2115 474 2142 vite
496 2115 621 2142 illorum.
639 2123 670 2151 4.
684 2122 706 2152 5
723 2131 764 2134 —
788 2113 853 2144 De
868 2123 893 2142 ι.
907 2121 943 2142 2:
969 2122 1056 2141 unam
1073 2113 1234 2140 clausuram
1254 2112 1401 2139 vinearum
1417 2110 1447 2138 in
1463 2110 1504 2138 in-
