1747 2620
440 199 457 225 6
798 205 899 236 Corpus
919 204 1065 228 chartarum
1086 204 1169 228 ltaliae

590 291 638 331 (8)
663 291 693 320 in
716 291 873 330 presentia
892 290 1018 320 testium
1038 291 1091 330 qui
1110 290 1160 320 hic
1178 291 1432 331 subterscripturi
1451 299 1523 321 sunt

661 343 742 373 idest
769 342 890 372 solidos
913 348 956 371 tot

524 500 565 529 11:
593 499 638 539 (l)
662 509 719 539 pro
745 499 845 529 fundo
864 499 919 528 illo
944 508 1015 529 curn
1041 499 1191 529 omnibus
1215 499 1275 529 sibi
1292 499 1526 539 pertinentibus

587 551 639 591 (2)
663 550 719 592 (ita
737 561 812 580 sane
830 550 877 591 ut)
895 549 982 591 (sub)
997 551 1151 590 pensione
1168 550 1316 581 denarios
1333 556 1376 580 tot
1391 551 1526 590 singulis

661 603 842 643 quibusque
873 603 1103 632 indictionibus
1133 603 1181 632 illi
1211 602 1325 633 inferre
1354 603 1526 633 debeamus

592 654 639 696 (3)
662 665 698 685 ea
722 665 797 685 vero
822 655 1011 685 condicione
1036 655 1174 694 praefixa

587 707 640 747 (4)
663 714 697 738 ut
725 707 883 737 antedicta
913 717 961 737 res
987 707 1102 737 nostris
1131 707 1268 747 propriis
1296 707 1442 747 expensis
1470 717 1526 738 seu

661 760 824 790 laboribus
854 760 972 789 cultare
1003 760 1160 800 (laborare
1190 760 1349 799 pastinare
1377 759 1525 799 propagi-

662 812 750 852 nare)
774 811 939 841 defensare
965 819 994 841 et
1019 812 1065 849 (in
1091 811 1255 851 omnibus)
1277 811 1444 841 meliorare
1468 811 1525 841 do-

660 864 749 894 mino
774 864 947 894 debeamus
972 864 1117 893 adiutore

588 916 638 956 (5)
663 916 808 956 nihilque
833 916 872 945 de
897 916 983 945 omni
1011 925 1146 955 expensa
1169 925 1264 955 quarn
1291 916 1332 945 ibi
1360 915 1526 946 fecerimus

662 969 711 998 illi
734 969 766 998 in
791 968 936 1008 superius
965 967 1058 997 affixa
1083 967 1237 1007 pensione
1266 977 1399 1007 quoquo
1428 968 1526 997 modo

661 1028 807 1060 reputare
831 1021 1004 1050 debeamus

589 1073 638 1113 (6)
662 1073 814 1113 nullaque
832 1073 978 1102 tarditate
1003 1079 1057 1102 aut
1082 1072 1229 1111 neglectu
1250 1079 1314 1102 tam
1332 1071 1371 1101 ad
1389 1070 1526 1101 inferen—

661 1125 734 1154 dam
760 1125 953 1165 praedictam
978 1125 1167 1164 pensionem
1192 1134 1354 1164 quamque
1381 1123 1420 1153 ad
1445 1123 1526 1163 (cul-

661 1185 764 1207 turam
781 1177 844 1217 vel)
869 1177 1125 1207 meliorationem
1150 1176 1328 1215 praedictas
1351 1185 1400 1205 res
1425 1175 1526 1206 facere

661 1230 834 1259 debeamus

587 1281 636 1323 (7)
658 1282 711 1311 sed
737 1281 931 1321 praedictam
949 1281 1138 1321 pensionem
1161 1281 1249 1310 omni
1276 1280 1330 1309 illo
1355 1290 1463 1310 mense
1480 1280 1527 1309 in-

663 1333 707 1363 fra
733 1333 908 1364 indictione
933 1334 1001 1363 sine
1022 1333 1129 1373 aliqua
1147 1333 1349 1362 excusatione
1366 1331 1434 1373 (aut
1450 1331 1526 1362 dila-

661 1385 795 1427 tatione)
821 1387 869 1415 illi
892 1386 1071 1426 persolvere
1096 1385 1269 1415 debeamus

589 1438 639 1477 (8)
663 1445 692 1468 et
717 1448 756 1468 ne
781 1438 930 1478 cuiquam
959 1448 1107 1477 praesens
1131 1444 1335 1477 praeceptum
1361 1443 1415 1466 aut
1439 1442 1526 1466 ante-

661 1490 763 1520 dictae
788 1499 836 1519 res
858 1489 953 1519 alicui
978 1489 1103 1519 homini
1120 1488 1316 1518 venumdare
1340 1486 1409 1528 (seu
1426 1494 1526 1518 trans-

662 1542 742 1572 ferre
766 1552 821 1572 seu
845 1541 1026 1579 refundere)
1051 1549 1106 1571 aut
1130 1541 1162 1570 in
1181 1541 1244 1570 alio
1261 1539 1438 1570 venerabili
1455 1539 1526 1570 loco

661 1595 842 1634 relinquere
867 1594 1041 1624 audeamus
1058 1603 1114 1633 per
1138 1593 1264 1623 nullum
1289 1592 1455 1632 ingenium
1477 1591 1526 1622 vel

662 1653 887 1686 argumentum
1558 1636 1563 1642 ⁵

589 1699 639 1739 (9)
663 1699 717 1728 sed
757 1708 814 1728 nec
853 1698 1027 1737 aliquando
1070 1707 1126 1727 vos
1166 1703 1221 1727 etc.
1267 1696 1526 1737 (benefactricem

662 1751 806 1780 Ravenn.
835 1749 1015 1790 ecclesiam)
1051 1750 1201 1790 cuiquam
1237 1756 1346 1779 contra
1374 1747 1526 1778 iustitiam

661 1810 793 1832 tractare
818 1810 871 1832 aut
895 1812 987 1841 agere
1015 1802 1076 1831 nisi
1104 1801 1231 1841 propria
1256 1810 1348 1831 causa
1375 1800 1401 1830 si
1425 1800 1526 1830 conti-

661 1855 742 1894 gerit
765 1864 820 1894 per
844 1854 996 1884 iustitiam
1018 1853 1243 1884 tantummodo
1261 1852 1414 1883 ventilare
1430 1852 1526 1882 aude-

663 1917 752 1937 amus

442 1960 466 1989 1:
495 1958 586 1999 (Re)
613 1959 828 1991 Reservatio
853 1958 1114 1999 proprietatis:
1142 1959 1187 1998 (ι)
1214 1965 1244 1988 et
1266 1964 1337 1997 post
1358 1956 1526 1987 transitum

662 2018 808 2041 nostrum
832 2011 977 2041 omnium
1002 2010 1147 2050 petitoris
1172 2011 1259 2039 illius

587 2066 638 2103 (2)
661 2073 715 2093 seu
738 2063 811 2092 filiis
828 2070 858 2093 et
876 2063 1047 2102 nepotibus
1066 2062 1114 2102 (ut
1129 2062 1207 2101 P3)
1227 2071 1344 2091 munus
1365 2061 1526 2100 expletum

663 2115 793 2155 quando
818 2115 952 2145 domino
977 2114 1131 2154 placuerit
